@article{1, 
author = {张向京; 郭欣欣; 马瑞平; 乔永智; 熊春燕; 胡永琪}, 
title = {气固相法合成氯化聚氯乙烯树脂}, 
journal = {合成树脂及塑料}, 
volume = {Vol.28}, 
number = {5-8}, 
year = {2011}, 
}
@article{2, 
author = {毛季红}, 
title = {热稳定剂和润滑剂对氯化聚氯乙烯树脂性能的影响}, 
journal = {中国塑料}, 
volume = {Vol.23}, 
number = {63-68}, 
year = {2009}, 
}
@article{3, 
author = {周婷婷}, 
title = {{CPVC⁄ABS} 共混体系结构与性能的研究}, 
journal = {长春工业大学硕士学位论文}, 
number = {1-52}, 
year = {2012}, 
}
@article{4, 
author = {靖志国; 刘军; 熊新阳}, 
title = {{CPVC} 的不稳定性分析}, 
journal = {聚氯乙烯}, 
volume = {Vol.42}, 
number = {32-38}, 
year = {2014}, 
}
@article{5, 
author = {宫岐山}, 
title = {{CPVC} 的热稳定性及加工性能研究}, 
journal = {青岛科技大学硕士学位论文}, 
number = {1-67}, 
year = {2012}, 
}
@article{6, 
author = {马玫; 胡行俊; 麦伟宗; 雷祖碧}, 
title = {{CPVC} 加工稳定性研究-复合铅体系}, 
journal = {合成材料老化与应用}, 
volume = {Vol.37}, 
number = {16-19}, 
year = {2008}, 
}
@article{7, 
author = {许桂连}, 
title = {{CPVC} 结构与性能的关系研究}, 
journal = {北京化工大学硕士研究生学位论文}, 
number = {1-69}, 
year = {2006}, 
}
@article{8, 
author = {柯伟席; 王澜; 张萌; 杜文硕; 沈传熙}, 
title = {{CPVC} 热稳定性能研究}, 
journal = {中国塑料}, 
volume = {Vol.25}, 
number = {34-38}, 
year = {2011}, 
}
@article{9, 
author = {赵劲松; 付志敏}, 
title = {{CPVC}树脂的应用现状}, 
journal = {聚氯乙烯}, 
volume = {Vol.41}, 
number = {19-27}, 
year = {2013}, 
}

@inbook{10,
author = {AJROLDI, G. and GATTA, G. and GUGELMETTO, P. D. and RETTORE, R. and TALAMINI, G. P.},
title = {Blends of Chlorinated and Normal PVC},
booktitle = {Multicomponent Polymer Systems},
chapter = {9},
pages = {119-137},
doi = {10.1021/ba-1971-0099.ch009},
URL = {http://pubs.acs.org/doi/abs/10.1021/ba-1971-0099.ch009},
eprint = {http://pubs.acs.org/doi/pdf/10.1021/ba-1971-0099.ch009}
}

@book{11,
author = {Platzer, Norbert A. J.},editor = {Platzer Norbert A. J.},
title = {Multicomponent Polymer Systems},
publisher = {AMERICAN CHEMICAL SOCIETY},
year = {1971},
doi = {10.1021/ba-1971-0099},
address = {WASHINGTON, D. C.},
edition   = {},
URL = {http://pubs.acs.org/doi/abs/10.1021/ba-1971-0099},
eprint = {http://pubs.acs.org/doi/pdf/10.1021/ba-1971-0099}
}

@article{12,
author = {Lattimer, Robert P. and Pausch, Jerry B. and Meuzelaar, Henk L. C.},
title = {Pyrolysis studies of chlorinated poly(vinyl chloride)},
journal = {Macromolecules},
volume = {16},
number = {12},
pages = {1896-1900},
year = {1983},
doi = {10.1021/ma00246a017},

URL = { 
        http://dx.doi.org/10.1021/ma00246a017

},
eprint = { 
        http://dx.doi.org/10.1021/ma00246a017

}

}

@article{13,
author = {Lehr, Marvin H. and Parker, Richard G. and Komoroski, Richard A.},
title = {Thermal property-structure relationships of solution-chlorinated poly(vinyl chlorides)},
journal = {Macromolecules},
volume = {18},
number = {6},
pages = {1265-1272},
year = {1985},
doi = {10.1021/ma00148a038},

URL = { 
        http://dx.doi.org/10.1021/ma00148a038
    
},
eprint = { 
        http://dx.doi.org/10.1021/ma00148a038
    
}

}

@article{14, 
author = {周秉武}, 
title = {氯化聚氯乙烯管材性能及应用}, 
journal = {第 19 届全国氯碱行业技术年会论文集}, 
number = {201-202, 205}, 
year = {2001}, 
}
@article{15, 
author = {周达飞; 王书忠; 俞蔼默}, 
title = {悬浮法聚氯乙烯树脂的研究——酚烷基化法测定聚氯乙烯的不稳定氯原子}, 
journal = {聚氯乙烯}, 
volume = {Vol.6}, 
number = {1-11}, 
year = {1983}, 
}
@article{16, 
author = {Gabriela Robil\v{a}; E. C. Buruian\v{a}; A. A. Caraculacu}, 
title = {Determination of Labile Chlorine in {PVC} with the Aid of Phenolysis Reaction}, 
journal = {European Polymer Journal}, 
volume = {Vol.13}, 
number = {21-24}, 
year = {1977}, 
}
@article{17, 
author = {吕咏梅}, 
title = {氯化聚氯乙烯生产与应用}, 
journal = {杭州化工}, 
volume = {Vol.32}, 
number = {11-13}, 
year = {2002}, 
}
@article{18, 
author = {黄静雯}, 
title = {氯化聚氯乙烯（{CPVC}）冷热水管系统}, 
journal = {塑料}, 
volume = {Vol.30}, 
number = {54-56}, 
year = {2001}, 
}
